<record><leader>00000cas a22000007a 4500</leader><controlfield tag="001">17717057</controlfield><controlfield tag="008">880331c19779999pauwr ne      0   a0eng d</controlfield><datafield ind1=" " ind2=" " tag="010"><subfield code="a">sn 88079268 </subfield></datafield><datafield ind1=" " ind2=" " tag="040"><subfield code="a">NPH</subfield><subfield code="b">eng</subfield><subfield code="c">NPH</subfield><subfield code="d">NSD</subfield><subfield code="d">OCLCQ</subfield></datafield><datafield ind1=" " ind2=" " tag="012"><subfield code="m">1</subfield></datafield><datafield ind1="1" ind2=" " tag="022"><subfield code="a">1047-0670</subfield><subfield code="l">1047-0670</subfield><subfield code="2">1</subfield></datafield><datafield ind1=" " ind2=" " tag="032"><subfield code="a">064940</subfield><subfield code="b">USPS</subfield></datafield><datafield ind1=" " ind2=" " tag="037"><subfield code="b">Bridgeville Area News, 8 E. Mall Plaza, Carnegie, PA 15106</subfield></datafield><datafield ind1=" " ind2=" " tag="042"><subfield code="a">msc</subfield><subfield code="a">nsdp</subfield></datafield><datafield ind1=" " ind2="0" tag="222"><subfield code="a">Bridgeville Area news</subfield></datafield><datafield ind1="0" ind2="0" tag="245"><subfield code="a">Bridgeville Area news.</subfield></datafield><datafield ind1=" " ind2=" " tag="260"><subfield code="a">Bridgeville, Pa. :</subfield><subfield code="b">Knepper Press Corp.,</subfield><subfield code="c">1977-</subfield></datafield><datafield ind1=" " ind2=" " tag="300"><subfield code="a">v. :</subfield><subfield code="b">ill. ;</subfield><subfield code="c">56 cm.</subfield></datafield><datafield ind1=" " ind2=" " tag="310"><subfield code="a">Weekly</subfield></datafield><datafield ind1="0" ind2=" " tag="362"><subfield code="a">Vol. 51, no. 6131 (May 5, 1977)-</subfield></datafield><datafield ind1=" " ind2=" " tag="500"><subfield code="a">Publisher: Gateway Publications, &lt;1983-&gt;; Gateway Press, &lt;Sept. 20, 1989-&gt;</subfield></datafield><datafield ind1=" " ind2=" " tag="500"><subfield code="a">"Serving Pittsburgh's south and west hills areas- official newspaper for Bridgeville and South Fayette Township."</subfield></datafield><datafield ind1=" " ind2=" " tag="515"><subfield code="a">Issues for &lt;June 25, 1981-&gt; called &lt;56th yr., no. 26-&gt; and also &lt;whole no. 2847-&gt;</subfield></datafield><datafield ind1=" " ind2=" " tag="588"><subfield code="a">Latest issue consulted: 64th year, no. 39 (Sept. 20, 1989).</subfield></datafield><datafield ind1=" " ind2=" " tag="752"><subfield code="a">United States</subfield><subfield code="b">Pennsylvania</subfield><subfield code="c">Allegheny</subfield><subfield code="d">Bridgeville.</subfield></datafield><datafield ind1=" " ind2=" " tag="752"><subfield code="a">United States</subfield><subfield code="b">Pennsylvania</subfield><subfield code="c">Allegheny</subfield><subfield code="d">South Fayette.</subfield></datafield><datafield ind1=" " ind2=" " tag="752"><subfield code="a">United States</subfield><subfield code="b">Pennsylvania</subfield><subfield code="c">Allegheny</subfield><subfield code="d">Carnegie.</subfield></datafield><datafield ind1="0" ind2="0" tag="780"><subfield code="t">Bridgeville news</subfield><subfield code="w">(DLC)sn 88079253</subfield></datafield></record>